<record xmlns="http://www.loc.gov/MARC21/slim" xmlns:xsi="http://www.w3.org/2001/XMLSchema-instance" xsi:schemaLocation="http://www.loc.gov/MARC21/slim http://www.loc.gov/standards/marcxml/schema/MARC21slim.xsd"><leader>01180nam a2200265   4500</leader><controlfield tag="001">001680960</controlfield><controlfield tag="003">NNU</controlfield><controlfield tag="006">m        d        </controlfield><controlfield tag="007">cr cn |||m|||a</controlfield><controlfield tag="008">150116m19569999ir      o     000 0 arard</controlfield><datafield ind1=" " ind2=" " tag="040"><subfield code="a">NNU</subfield><subfield code="b">eng</subfield><subfield code="c">NNU</subfield></datafield><datafield ind1="1" ind2=" " tag="100"><subfield code="a">Mu&#7717;ammad&#299;, Mu&#7717;ammad.</subfield></datafield><datafield ind1="1" ind2="0" tag="245"><subfield code="a">Dur&#363;s f&#299; &#257;d&#257;b al-lughah al-&#699;Arab&#299;yah wa-t&#257;r&#299;khih&#257;</subfield><subfield code="h">[electronic resource] /</subfield><subfield code="c">[ta&#700;l&#299;f] Mu&#7717;ammad Mu&#7717;ammd&#299;.</subfield></datafield><datafield ind1=" " ind2=" " tag="260"><subfield code="a">&#7788;ahr&#257;n :</subfield><subfield code="b">Ma&#7789;ba&#699;at al-J&#257;mi&#699;ah,</subfield><subfield code="c">[1956-</subfield></datafield><datafield ind1=" " ind2=" " tag="300"><subfield code="a">online resource (v.)</subfield></datafield><datafield ind1="0" ind2=" " tag="490"><subfield code="a">Intish&#257;r&#257;t D&#257;nishk&#257;h &#7788;ahr&#257;n,</subfield><subfield code="v">340</subfield></datafield><datafield ind1=" " ind2=" " tag="500"><subfield code="a">Part of the Arabic Collections Online (ACO) project, contributed by New York Univeristy Libraries.</subfield></datafield><datafield ind1=" " ind2=" " tag="533"><subfield code="a">Electronic reproduction.</subfield><subfield code="b">New York, N.Y. :</subfield><subfield code="c">New York University,</subfield><subfield code="d">2015.</subfield><subfield code="5">NNU</subfield></datafield><datafield ind1=" " ind2="0" tag="650"><subfield code="a">Arabic literature.</subfield></datafield><datafield ind1="2" ind2=" " tag="710"><subfield code="a">New York University.</subfield><subfield code="b">Libraries.</subfield></datafield><datafield ind1="0" ind2=" " tag="730"><subfield code="a">Arabic Collections Online.</subfield></datafield><datafield ind1="0" ind2="8" tag="776"><subfield code="i">Print version:</subfield><subfield code="a">Mu&#7717;ammad&#299;, Mu&#7717;ammad.</subfield><subfield code="t">Dur&#363;s f&#299; &#257;d&#257;b al-lughah al-&#699;Arab&#299;yah wa-t&#257;r&#299;khih&#257;</subfield><subfield code="w">(NNU)001680960</subfield></datafield><datafield ind1="4" ind2="0" tag="856"><subfield code="u">http://hdl.handle.net/2333.1/c866t3sp</subfield></datafield><datafield ind1=" " ind2=" " tag="959"><subfield code="a">NNU</subfield><subfield code="b">WEB</subfield><subfield code="c">GENI</subfield><subfield code="t">0</subfield><subfield code="m">Electronic access</subfield><subfield code="s">01</subfield></datafield><datafield ind1=" " ind2=" " tag="999"><subfield code="i">NNU_001680960</subfield><subfield code="o" /><subfield code="e">(ERROR-880)(ERROR-SERIES)</subfield></datafield></record>